@article{lighter,
	title = {Lighter: fast and memory-efficient sequencing error correction without counting},
	volume = {15},
	issn = {1474-760X},
	shorttitle = {Lighter},
	url = {http://genomebiology.biomedcentral.com/articles/10.1186/s13059-014-0509-9},
	doi = {10.1186/s13059-014-0509-9},
	language = {en},
	number = {11},
	urldate = {2019-11-04},
	journal = {Genome Biology},
	author = {Song, Li and Florea, Liliana and Langmead, Ben},
	month = nov,
	year = {2014},
	pages = {509}
}

@article{li_syndip,
	title = {A synthetic-diploid benchmark for accurate variant-calling evaluation},
	volume = {15},
	issn = {1548-7091, 1548-7105},
	url = {http://www.nature.com/articles/s41592-018-0054-7},
	doi = {10.1038/s41592-018-0054-7},
	language = {en},
	number = {8},
	urldate = {2019-11-04},
	journal = {Nature Methods},
	author = {Li, Heng and Bloom, Jonathan M. and Farjoun, Yossi and Fleharty, Mark and Gauthier, Laura and Neale, Benjamin and MacArthur, Daniel},
	month = aug,
	year = {2018},
	pages = {595--597}
}


